<record><leader>00000cas a2200000 a 4500</leader><controlfield tag="001">13107264</controlfield><controlfield tag="008">860205d18831928iduwr ne      0   a0eng c</controlfield><datafield ind1=" " ind2=" " tag="010"><subfield code="a">sn 86091092 </subfield></datafield><datafield ind1=" " ind2=" " tag="040"><subfield code="a">UNP</subfield><subfield code="b">eng</subfield><subfield code="c">UNP</subfield><subfield code="d">NVB</subfield><subfield code="d">CNK</subfield><subfield code="d">CUI</subfield><subfield code="d">OCLCQ</subfield><subfield code="d">OCLCF</subfield><subfield code="d">DLC</subfield></datafield><datafield ind1="0" ind2=" " tag="022"><subfield code="a">2377-5955</subfield><subfield code="2">1</subfield></datafield><datafield ind1=" " ind2=" " tag="042"><subfield code="a">pcc</subfield><subfield code="a">nsdp</subfield></datafield><datafield ind1=" " ind2=" " tag="043"><subfield code="a">n-us-id</subfield></datafield><datafield ind1="0" ind2="0" tag="050"><subfield code="a">Newspaper</subfield></datafield><datafield ind1=" " ind2="4" tag="050"><subfield code="a">AN2.I2</subfield><subfield code="b">C24</subfield></datafield><datafield ind1="0" ind2="0" tag="082"><subfield code="a">071</subfield><subfield code="2">23</subfield></datafield><datafield ind1=" " ind2="4" tag="222"><subfield code="a">The Caldwell tribune</subfield><subfield code="b">(Print)</subfield></datafield><datafield ind1="0" ind2="4" tag="245"><subfield code="a">The Caldwell tribune.</subfield></datafield><datafield ind1=" " ind2=" " tag="260"><subfield code="a">Caldwell, Idaho Territory [Idaho] :</subfield><subfield code="b">W.J. Cuddy</subfield></datafield><datafield ind1=" " ind2=" " tag="300"><subfield code="a">v. :</subfield><subfield code="b">ill.</subfield></datafield><datafield ind1=" " ind2=" " tag="310"><subfield code="a">Weekly,</subfield><subfield code="b">&lt;1895&gt;-Apr. 5, 1928</subfield></datafield><datafield ind1=" " ind2=" " tag="321"><subfield code="a">Weekly,</subfield><subfield code="b">Dec. 15, 1883-Apr. 7, 1894</subfield></datafield><datafield ind1=" " ind2=" " tag="321"><subfield code="a">Semiweekly,</subfield><subfield code="b">Apr. 14, 1894-&lt;1895&gt;</subfield></datafield><datafield ind1="1" ind2=" " tag="362"><subfield code="a">Began with Dec. 15, 1883 issue.</subfield></datafield><datafield ind1="0" ind2=" " tag="362"><subfield code="a">-no. 207 (Dec. 30, 1893) ; v. 11, no. l (Jan. 9, 1894)-v. 46, no. 14 (Apr. 5, 1928).</subfield></datafield><datafield ind1=" " ind2=" " tag="530"><subfield code="a">Archived issues are available in digital format from the Library of Congress Chronicling America online collection.</subfield></datafield><datafield ind1=" " ind2=" " tag="588"><subfield code="a">Description based on: Vol. 1, no. 2 (Dec. 22, 1883).</subfield></datafield><datafield ind1=" " ind2="0" tag="651"><subfield code="a">Caldwell (Idaho)</subfield><subfield code="v">Newspapers.</subfield></datafield><datafield ind1=" " ind2="7" tag="651"><subfield code="a">Idaho</subfield><subfield code="z">Caldwell.</subfield><subfield code="2">fast</subfield><subfield code="0">(OCoLC)fst01220487</subfield></datafield><datafield ind1=" " ind2="7" tag="655"><subfield code="a">Newspapers.</subfield><subfield code="2">fast</subfield><subfield code="0">(OCoLC)fst01423814</subfield></datafield><datafield ind1=" " ind2=" " tag="752"><subfield code="a">United States</subfield><subfield code="b">Idaho</subfield><subfield code="c">Canyon</subfield><subfield code="d">Caldwell.</subfield></datafield><datafield ind1="0" ind2="8" tag="776"><subfield code="i">Online version:</subfield><subfield code="t">Caldwell tribune</subfield><subfield code="x">2377-5955</subfield><subfield code="w">(DLC)  2015218556</subfield></datafield><datafield ind1="0" ind2="7" tag="785"><subfield code="t">Caldwell news (Caldwell, Idaho)</subfield><subfield code="w">(DLC)sn 88056060</subfield><subfield code="w">(OCoLC)18633470</subfield></datafield><datafield ind1="0" ind2="7" tag="785"><subfield code="t">Caldwell news-tribune</subfield><subfield code="w">(DLC)sn 88056058</subfield><subfield code="w">(OCoLC)18633605</subfield></datafield><datafield ind1="4" ind2="1" tag="856"><subfield code="u">http://www.loc.gov/chroniclingamerica/lccn/sn86091092/issues</subfield></datafield><datafield ind1="1" ind2=" " tag="029"><subfield code="a">AU@</subfield><subfield code="b">000025794974</subfield></datafield></record>